@article{einstein,
    author = "Albert Einstein",
    title = "{Zur Elektrodynamik bewegter K{\"o}rper}. ({German})
    [{On} the electrodynamics of moving bodies]",
    journal = "Annalen der Physik",
    volume = "322",
    number = "10",
    pages = "891--921",
    year = "1905",
    DOI = "http://dx.doi.org/10.1002/andp.19053221004",
    keywords = "physics"
}

@book{dirac,
    title = {The Principles of Quantum Mechanics},
    author = {Paul Adrien Maurice Dirac},
    isbn = {9780198520115},
    series = {International series of monographs on physics},
    year = {1981},
    publisher = {Clarendon Press},
    keywords = {physics}
}

@online{UNT,
    author = "UTN-FRM",
    title = "Unidad 3 Memorias Electrónicas",
    url  = "http://www1.frm.utn.edu.ar/arquitectura/unidad3.pdfl",
    addendum = "(accessed: 06.09.2020)",
    keywords = "memoria,RAM"
}

@online{FIng,
    author = " Dpto. de Arquitectura-InCo-FIng",
    title = "Memorias",
    url  = "https://www.fing.edu.uy/tecnoinf/mvd/cursos/arqcomp/material/teo/arq-teo09.pdf",
    addendum = "(accessed: 07.09.2020)",
    keywords = "memoria,RAM"
}

@online{Orenga,
    author = " Miquel Albert Orenga
Gerard Enrique Manonellas",
    title = "Sistema de memorias",
    url  = "https://www.exabyteinformatica.com/uoc/Informatica/Estructura_de_computadores/Estructura_de_computadores_(Modulo_4).pdf",
    addendum = "(accessed: 07.09.2020)",
    keywords = "memoria,RAM"
}
@online{UNT2,
    author = "UTN-FRM",
    title = "Unidad 3 Memorias Electrónicas",
    url  = "http://www1.frm.utn.edu.ar/arquitectura/unidad3.pdfl",
    addendum = "(accessed: 06.09.2020)",
    keywords = "memoria,ROM"

}

@inbook{knuth-fa,
    author = "Donald E. Knuth",
    title = "Fundamental Algorithms",
    publisher = "Addison-Wesley",
    year = "1973",
    chapter = "1.2",
    keywords  = "knuth,programming"
}